@inproceedings{SiddiquiEtAl-2020,
	month = {7},
	title = {{(1) (PDF) Comprehensive Analysis of Container Technology}},
        booktitle = {{2019 4th International Conference on Information Systems and Computer Networks (ISCON)}},
	year = {2020},
	url = {https://www.researchgate.net/publication/339976396_Comprehensive_Analysis_of_Container_Technology},
        author = {Tamanna Siddiqui and Shadab Alam Siddiqui and Najeeb Ahmad Khan}
}
@inbook{Bhat-2022,
    author       = {Sathyajith Bhat},
    title        = {Introduction to Containerization},
    booktitle    = {Practical Docker with Python: Build, Release, and Distribute Your Python App with Docker},
    year         = {2022},
    publisher    = {Apress},
    address      = {Berkeley, CA},
    pages        = {1--9},
    isbn         = {978-1-4842-7815-4},
    doi          = {10.1007/978-1-4842-7815-4_1},
    url          = {https://doi.org/10.1007/978-1-4842-7815-4_1}
}
@article{VermaEtAl-2022,
	author = {Satya Bhushan Verma and Brijesh Pandey and Bineet Kumar Gupta},
	title = {{Containerization and its Architectures: A Study}},
	journal = {{ADCAIJ: Advances in Distributed Computing and Artificial Intelligence Journal}},
	volume = {11},
	number = {4},
	pages = {395--409},
	month = {9},
	year = {2022},
	url = {https://www.researchgate.net/publication/371332962_Containerization_and_its_Architectures_A_Study},
	doi = {10.14201/adcaij.28351},
	issn = {2255-2863},
}
@article{GargEtAl-2024,
    author = {Surya Kant Garg and J. Lakshmi and Jain Johny},
    title = {{Software Architecture Evolution: Patterns, Trends, and Best Practices}},
    journal = {{International Journal of Computer Sciences and Engineering (IJCSE)}},
    volume = {1},
    number = {2},
    pages = {1--14},
    year = {2024},
    url = {https://iaeme.com/Home/issue/IJCSE?Volume=1&Issue=1},
    issn = {1664-1400},
}
@article{Nivedhaa-2024,
    author = {N. Nivedhaa},
    title = {{Software Architecture Evolution: Patterns, Trends, and Best Practices}},
    journal = {{International Journal of Computer Sciences and Engineering (IJCSE)}},
    volume = {1},
    number = {2},
    pages = {1--14},
    year = {2024},
    url = {https://www.researchgate.net/publication/384019495_SOFTWARE_ARCHITECTURE_EVOLUTION_PATTERNS_TRENDS_AND_BEST_PRACTICES},
    issn = {1664-1400},
    note = {Article ID: IJCSE\_01\_02\_001},
}
@misc{SuEtAl-2024,
	author = {Ruoyu Su and Xiaozhou Li},
	month = {1},
	title = {{Modular monolith: Is this the trend in software architecture?}},
	year = {2024},
	url = {https://arxiv.org/abs/2401.11867},
}
@mastersthesis{Ali-2024,
	author = {Omer Ali},
	school = {Karelia University of Applied Sciences},
	title = {{Popular API technologies: REST, GraphQL, and GRPC}},
	year = {2024},
	url = {https://www.theseus.fi/bitstream/handle/10024/864399/Ali_Omer.pdf?sequence=2&isAllowed=y},
}
@misc{Sheldon-2022,
	author = {Robert Sheldon},
	month = {4},
	title = {{Compare KubeVirt vs. Virtlet for container, VM management}},
	year = {2022},
	url = {https://www.techtarget.com/searchitoperations/tip/Compare-KubeVirt-vs-Virtlet-for-container-VM-management},
}
@misc{Baccini-2021,
	author = {Giuseppe Baccini},
	month = {9},
	title = {{Introducing RancherVM: Package and run virtual machines as docker containers | SUSE Communities}},
	year = {2021},
	url = {https://www.suse.com/c/rancher_blog/introducing-ranchervm-package-and-run-virtual-machines-as-docker-containers/},
}
@misc{Google-2024,
	title = {{Migrate to Containers overview}},
	url = {https://cloud.google.com/migrate/containers/docs/getting-started},
        year = {2024},
        author = {Google}
}
@misc{Elradi-2023,
        year = {2023},
        author = {Mohammed Daffalla Elradi},
	title = {{Ansible: A Reliable Tool for Automation}},
	url = {https://www.sandermanpub.net/current/eces/183/020104.html},
}
@misc{PrasadEtAl-2024,
        author = {Aanand Prasad and Ben Firshman and Carl Tashian and Eva Parish},
	title = {{Command Line Interface Guidelines}},
	url = {https://clig.dev/},
        year = {2024}
}
@misc{Tiedemann-2023,
	author = {Jacob Bo Tiedemann},
	month = {11},
	title = {{Elevate developer experiences with CLI design guidelines}},
	year = {2023},
	url = {https://www.thoughtworks.com/insights/blog/engineering-effectiveness/elevate-developer-experiences-cli-design-guidelines},
}
@misc{Newton-2016,
	month = {10},
        author = {Kevin Newton},
	title = {{Exploring CLI best practices}},
	year = {2016},
	url = {https://kddnewton.com/2016/10/11/exploring-cli-best-practices.html},
}
@misc{Salesforce-2024,
        year = {2024},
	author = {Salesforce},
	title = {{CLI Style Guide}},
	url = {https://devcenter.heroku.com/articles/cli-style-guide},
}
@inbook{Sesto-2022,
    author       = {Sesto, Vincent},
    title        = {Configuration Management with Ansible},
    booktitle    = {Practical Ansible: Configuration Management from Start to Finish},
    year         = {2022},
    publisher    = {Apress},
    address      = {Berkeley, CA},
    pages        = {1--36},
    isbn         = {978-1-4842-8643-2},
    doi          = {10.1007/978-1-4842-8643-2_1},
    url          = {https://doi.org/10.1007/978-1-4842-8643-2_1}
}
@book{ChoiEtAl-2023,
	author = {Brendan Choi and Erwin Medina},
	booktitle = {Apress eBooks},
	month = {1},
	pages = {3--30},
	title = {{Is Ansible Good for Network Automation?}},
	year = {2023},
	doi = {10.1007/978-1-4842-9624-0\{_}1},
	url = {https://link.springer.com/chapter/10.1007/978-1-4842-9624-0_1},
}
@article{Daga-2006,
	author = {A. Daga and S. De Cesare and M. Lycett},
	journal = {Journal of Intelligent Systems},
	month = {1},
	number = {1-4},
	title = {{Separation of Concerns: Techniques, Issues and Implications}},
	volume = {15},
	year = {2006},
	doi = {10.1515/jisys.2006.15.1-4.153},
	url = {https://www.degruyter.com/document/doi/10.1515/JISYS.2006.15.1-4.153/html},
}
@mastersthesis{Torvalds-2011,
    author = {Linus Torvalds},
    title = {Linux : a Portable Operating System},
    school = {University of Helsinki},
    year =  {2011},
    url = {https://www.semanticscholar.org/paper/Linux-%3A-a-Portable-Operating-System-Torvalds/cd448a63a9a79e9b6c4ddfd5affcbacf0ebbe1f5},
}
@article{Kumar-2023,
	author = {Sanjeet Kumar and Suvrojit Das},
	journal = {SN Computer Science},
	month = {8},
	number = {5},
	title = {{Using Ansible Playbooks to Port Non-cloud-Native Applications Across Linux Distributions: A Novel Approach}},
	volume = {4},
	year = {2023},
	doi = {10.1007/s42979-023-02030-6},
	url = {https://link.springer.com/article/10.1007/s42979-023-02030-6},
}
@misc{Martin-2000,
    author = {Robert C. Martin},
    title = {Design Principles and Design Patterns},
    year = {2000},
    url = {https://staff.cs.utu.fi/~jounsmed/doos_06/material/DesignPrinciplesAndPatterns.pdf},
    note = {Accessed: Dec 30, 2024}
}
@inproceedings{GammaEtAl-1993,
    author    = {Gamma, Erich and Helm, Richard and Johnson, Ralph and Vlissides, John},
    editor    = {Nierstrasz, Oscar M.},
    title     = {Design Patterns: Abstraction and Reuse of Object-Oriented Design},
    booktitle = {ECOOP' 93 --- Object-Oriented Programming},
    year      = {1993},
    publisher = {Springer Berlin Heidelberg},
    address   = {Berlin, Heidelberg},
    pages     = {406--431},
    isbn      = {978-3-540-47910-9}
}
@misc{BeckEtAl-2001,
    author    = {Beck, Kent and Beedle, Mike and Van Bennekum, Arie and Cockburn, Alistair and Cunningham, Ward and Fowler, Martin and Grenning, James and Highsmith, Jim and Hunt, Andrew and Jeffries, Ron and others},
    title     = {The Agile Manifesto},
    year      = {2001},
    url       = {https://agilemanifesto.org/},
}
@misc{Torvalds-2002,
        author = {Linus Torvalds},
        year = {2002},
	title = {{The everything-is-a-file principle (Linus Torvalds)}},
	url = {https://yarchive.net/comp/linux/everything_is_file.html},
        note = {Accessed: Dec 30, 2024}
}
@book{BovetEtAl-2005,
    author    = {Bovet, Daniel P. and Cesati, Marco},
    title     = {Understanding the Linux Kernel: From I/O Ports to Process Management},
    year      = {2005},
    publisher = {O'Reilly Media, Inc.}
}
@inproceedings{NanzEtAl-2015,
  author={Sebastian Nanz and Carlo A. Furia},
  booktitle={2015 IEEE/ACM 37th IEEE International Conference on Software Engineering}, 
  title={A Comparative Study of Programming Languages in Rosetta Code}, 
  year={2015},
  volume={1},
  pages={778-788},
  keywords={Java;Programming;Indexes;Statistical analysis;Runtime;Standards},
  doi={10.1109/ICSE.2015.90}
}
@inbook{Both-2023,
    author    = {Both, David},
    title     = {Remote Access with SSH},
    booktitle = {Using and Administering Linux: Volume 3: Zero to SysAdmin: Network Services},
    year      = {2023},
    publisher = {Apress},
    address   = {Berkeley, CA},
    pages     = {115--134},
    isbn      = {978-1-4842-9786-5},
    doi       = {10.1007/978-1-4842-9786-5_45},
    url       = {https://doi.org/10.1007/978-1-4842-9786-5_45}
}
@article{HaleEtAl-2017,
  author={Hale, Jack S. and Li, Lizao and Richardson, Christopher N. and Wells, Garth N.},
  journal={Computing in Science \& Engineering}, 
  title={Containers for Portable, Productive, and Performant Scientific Computing}, 
  year={2017},
  volume={19},
  number={6},
  pages={40-50},
  keywords={Containers;Software;Libraries;Runtime;Linux;Scientific computing;Object recognition;maintainability;software engineering;performance measures;portability;scientific computing},
  doi={10.1109/MCSE.2017.2421459}
}
@inproceedings{Yade-2022,
  author={Yade, Lamine and Gueye, Amadou Dahirou},
  booktitle={2022 IEEE Global Engineering Education Conference (EDUCON)}, 
  title={Remote Practical Work Environment based on Containers to replace Virtual Machines}, 
  year={2022},
  volume={},
  number={},
  pages={1285-1290},
  keywords={Cloud computing;Operating systems;Collaboration;Virtual environments;Containers;Writing;Virtual machining;remote labs;cloud;virtual machines;docker container;collaboration},
  doi={10.1109/EDUCON52537.2022.9766480}
}
@misc{Pachiyappan-2020, 
    title={Headless architecture in a digital landscape}, 
    url={https://www.infosys.com/services/digital-commerce/documents/headless-architecture.pdf}, 
    journal={infosys.com}, 
    publisher={Infosys Limited}, 
    author={Pachiyappan, Rajadurai}, 
    year={2020}
}
@misc{Fowler-2015, 
    title={Monolith First}, 
    url={https://martinfowler.com/bliki/MonolithFirst.html}, 
    journal={martinfowler.com}, 
    author={Fowler, Martin}, 
    year={2015}, 
    month={Jun}
} 
@article{Thönes-2015,
  author={Thönes, Johannes},
  journal={IEEE Software}, 
  title={Microservices}, 
  year={2015},
  volume={32},
  number={1},
  pages={116-116},
  doi={10.1109/MS.2015.11}
}
